%% This BibTeX bibliography file was created using BibDesk.
%% http://bibdesk.sourceforge.net/

%% Created for Mauricio Vargas at 2015-06-14 17:17:48 +0800 

%% Saved with string encoding Unicode (UTF-8) 

@book{bock2010stats,
	Author = {Bock, David E and Velleman, Paul F and De Veaux, Richard D},
	Date-Added = {2014-07-20 17:34:10 -0400},
	Date-Modified = {2014-07-20 17:34:10 -0400},
	Publisher = {Addison-Wesley},
	Title = {Stats: Modeling the world},
	Year = {2010}}
